<?xml version="1.0" encoding="UTF-8"?><collection xmlns="http://www.loc.gov/MARC21/slim"><record><leader>00458nam--2200157-i-4500</leader><controlfield tag="001">000032701</controlfield><controlfield tag="002">20161230</controlfield><controlfield tag="005">20170129230334</controlfield><controlfield tag="008">060222s1000------------r-----000-0-eng-d</controlfield><datafield ind1=" " ind2=" " tag="100"><subfield code="a">Lowan, Arnold N</subfield></datafield><datafield ind1=" " ind2=" " tag="245"><subfield code="a">Tables of the zeros of the legendre polynomials of order 1-16 and the weight coefficients for Gauss`mechanical quadrature formula</subfield></datafield><datafield ind1=" " ind2=" " tag="260"><subfield code="a">/F.L.</subfield></datafield><datafield ind1=" " ind2=" " tag="300"><subfield code="a">6 p</subfield></datafield><datafield ind1=" " ind2=" " tag="700"><subfield code="a">Norman, Davids</subfield></datafield><datafield ind1=" " ind2=" " tag="852"><subfield code="a">505</subfield></datafield><datafield ind1=" " ind2=" " tag="CAT"><subfield code="a">SYS</subfield><subfield code="c">20170129</subfield><subfield code="h">230334</subfield></datafield></record></collection>